@online {harsite18,
	author={Officiell Hemsida},
	title = {Harold Feinstein Website},
	date = {2018-10},
	url = {https://www.haroldfeinstein.com/}
}

@online {harwiki18,
	author={Wikipedia},
	title={Harold Feinstein Wikipedia},
	date={2018-10},
	url={https://en.wikipedia.org/wiki/Harold_Feinstein}
}
